@article{Keniry_2022,
	title    = {{BAF} complex-mediated chromatin relaxation is required for
	            establishment of X chromosome inactivation},
	author   = {Andrew Keniry and Natasha Jansz and Linden J. Gearing and Iromi
	            Wanigasuriya and Joseph Chen and Christian M. Nefzger and Peter
	            F. Hickey and Quentin Gouil and Joy Liu and Kelsey A. Breslin and
	            Megan Iminitoff and Tamara Beck and Andres Tapia del Fierro and
	            Lachlan Whitehead and Andrew Jarratt and Sarah A. Kinkel and
	            Phillippa C. Taberlay and Tracy Willson and Miha Pakusch and
	            Matthew E. Ritchie and Douglas J. Hilton and Jose M. Polo and
	            Marnie E. Blewitt},
	journal  = {Nature Communications},
	year     = {2022},
  keywords = {peerjournal},
  pubmed   = {35351876},
  doi      = {10.1038/s41467-022-29333-1},
  author+an =	{7=highlight; 23=corresponding},
  first_authors = {Keniry},
  corresponding_authors = {Blewitt}
}

@article{Hayman_2021,
	title    = {Zinc Supplementation with or without Additional Micronutrients
	            Does Not Affect Peripheral Blood Gene Expression or Serum
	            Cytokine Level in Bangladeshi Children},
	author   = {Thomas Hayman and Hickey, F Peter and Daniela Amann-Zalcenstein
	            and Cavan Bennett and Ricardo Ataide and Rahvia Alam Sthity and
	            Afsana Mim Khandaker and Kazi Munisul Islam and Katharina Stracke
	            and Nawaf Yassi and Rosie Watson and Julie Long and Jamie
	            Westcott and Nancy F. Krebs and Janet C. King and Robert E. Black
	            and Md. Munirul Islam and Christine M. McDonald and Sant-Rayn
	            Pasricha},
	journal  = {Nutrients},
	year     = {2021},
  keywords = {peerjournal},
  pubmed   = {34684517},
  doi      = {10.3390/nu13103516},
  author+an =	{2=highlight; 19=corresponding},
  first_authors = {Hayman},
  corresponding_authors = {Pasricha}
}

@article{Su_2021,
	title    = {{NanoMethViz}: An R/Bioconductor package for visualizing
	            long-read methylation data},
	author   = {Shian Su and Quentin Gouil and Marnie E Blewitt and Dianne Cook
	            and Peter F Hickey and Matthew E Ritchie},
	journal  = {PLoS Computational Biology},
	year     = {2021},
  keywords = {peerjournal},
  pubmed   = {34695109},
  doi      = {10.1371/journal.pcbi.1009524},
  author+an =	{5=highlight; 6=corresponding},
  first_authors = {Su},
  corresponding_authors = {Ritchie}
}

@article{Weber_2020,
	title    = {Genetic demultiplexing of pooled single-cell {RNA}-sequencing
	            samples in cancer facilitates effective experimental design},
	author   = {Lukas M Weber and Ariel A Hippen and Peter F Hickey and Kristofer
	            C Berrett and Jason Gertz and Jennifer Anne Doherty and Casey S
	            Greene and Stephanie C Hicks},
	journal  = {Gigascience},
	year     = {2021},
  keywords = {peerjournal},
  pubmed   = {34553212},
  doi      = {10.1093/gigascience/giab062},
  author+an =	{3=highlight; 8=corresponding},
  first_authors = {Weber},
  corresponding_authors = {Hicks}
}

@article{fanjul2022family,
	title    = {A family study implicates GBE1 in the etiology of autism spectrum
	            disorder},
	author   = {Fanjul\-Fern{\'a}ndez, Miriam and Brown, Natasha J and Peter F.
	            Hickey, and Diakumis, Peter and Rafehi, Haloom and Bozaoglu,
	            Kiymet and Green, Cherie C and Rattray, Audrey and Young,
	            Savannah and Alhuzaimi, Dana and Mountford, Hayley S and
	            Gillies, Greta and Lukic, Vesna and Vick, Tanya and Finlay, Keri
	            and Coe, Bradley P and  Eichler, Evan E  and Delatycki, Martin B
	            and Wilson, Sarah J and Bahlo, Melanie and Scheffer, Ingrid E and
	            Lockhart, Paul J},
	journal  = {Human mutation},
	year     = {2022},
  keywords = {peerjournal},
  pubmed   = {34633740},
  doi      = {10.1002/humu.24289},
  author+an =	{3=highlight; 1=corresponding; 22=corresponding},
  first_authors = {Fanjul-Fern{\'a}ndez},
  corresponding_authors = {Lockhart}
}

@article{you2021benchmarking,
  title    = {Benchmarking UMI-based single-cell RNA-seq preprocessing
              workflows},
  author   = {You, Yue and Tian, Luyi and Su, Shian and Dong, Xueyi and Jabbari,
              Jafar S and Hickey, Peter F and Ritchie, Matthew E},
  journal  = {Genome biology},
  year     = {2021},
  keywords = {peerjournal},
  pubmed   = {34906205},
  doi      = {10.1186/s13059-021-02552-3},
  author+an =	{6=highlight; 7=corresponding},
  first_authors = {You},
  corresponding_authors = {Ritchie}
}

@article{grant2021histone,
  title    = {The histone acetyltransferase HBO1 promotes efficient tip cell
              sprouting during angiogenesis},
  author   = {Grant, Zoe L and Hickey, Peter F and Abeysekera, Waruni and
              Whitehead, Lachlan and Lewis, Sabrina M and Symons, Robert CA and
              Baldwin, Tracey M and Amann-Zalcenstein, Daniela and Garnham,
              Alexandra L and Naik, Shalin H, and Smyth, Gordon K and Thomas,
              Tim and Voss, Anne K and Coultas, Leigh},
  journal  = {Development},
  year     = {2021},
  keywords = {peerjournal},
  pubmed   = {34550360},
  doi      = {10.1242/dev.199581},
  author+an =	{2=highlight; 13=corresponding; 14=corresponding},
  first_authors = {Grant},
  corresponding_authors = {Voss, Coultas}
}

@ARTICLE{Rizzardi2021-ye,
  title    = {Human brain region-specific variably methylated regions are
              enriched for heritability of distinct neuropsychiatric traits},
  author   = {Rizzardi, Lindsay F and Hickey, Peter F and Idrizi, Adrian and
              Tryggvad{\'o}ttir, Rakel and Callahan, Colin M and Stephens,
              Kimberly E and Taverna, Sean D and Zhang, Hao and Ramazanoglu,
              Sinan and {GTEx Consortium} and Hansen, Kasper D and Feinberg,
              Andrew P},
  journal  = {Genome biology},
  year     = {2021},
  keywords = {peerjournal},
  pubmed   = {33888138},
  doi      = {10.1186/s13059-021-02335-w},
  author+an =	{2=highlight; 11=corresponding;
              12=corresponding},
  first_authors = {Rizzardi},
  corresponding_authors = {Hansen, Feinberg}
}

@article{Verstappen2020-zt,
  title    = {Gene expression profiling of epithelium-associated {FcRL4+} {B}
             cells in primary Sj{\"o}gren's syndrome reveals a pathogenic
             signature},
  author   = {Verstappen, Gwenny M and Ice, John A and Bootsma, Hendrika and
             Pringle, Sarah and Haacke, Erlin A and de Lange, Kim and van der
             Vries, Gerben B and Hickey, Peter F and Vissink, Arjan and
             Spijkervet, Frederik K L and Lessard, Christopher J and Kroese,
             Frans G M},
  journal  = {Journal of Autoimmunity},
  year     = {2020},
  keywords = {peerjournal},
  pubmed   = {32800095},
  pmcid    = {0},
  doi      = {10.1016/j.jaut.2020.102439},
  author+an =	{1=corresponding; 8=highlight; 11=corresponding;
              12=corresponding},
  first_authors = {Verstappen},
  corresponding_authors = {Verstappen, Lessard, Kroese}
}

@article{Su2020-fu,
  title    = {{CellBench}: {R/Bioconductor} software for comparing single-cell
              {RNA-seq} analysis methods},
  author   = {Su, Shian and Tian, Luyi and Dong, Xueyi and Hickey, Peter F and
              Freytag, Saskia and Ritchie, Matthew E},
  journal  = {Bioinformatics},
  year     = {2020},
  keywords = {peerjournal},
  pubmed   = {31778143},
  pmcid    = {PMC7141847},
  doi      = {10.1093/bioinformatics/btz889},
  author+an =	{1=corresponding; 4=highlight; 6=corresponding},
  first_authors = {Su},
  corresponding_authors = {Su, Ritchie}
}

@article{Love2020-wd,
  title    = {Tximeta: Reference sequence checksums for provenance
              identification in {RNA-seq}},
  author   = {Love, Michael I and Soneson, Charlotte and Hickey, Peter F and
              Johnson, Lisa K and Pierce, N Tessa and Shepherd, Lori and
              Morgan, Martin and Patro, Rob},
  journal  = {PLoS Computational Biology},
  year     = {2020},
  keywords = {peerjournal},
  pubmed   = {32097405},
  pmcid    = {PMC7059966},
  doi      = {10.1371/journal.pcbi.1007664},
  author+an =	{1=corresponding; 3=highlight},
  first_authors = {Love},
  corresponding_authors = {Love}
}

@article{Seillet2020-kl,
  title    = {The neuropeptide {VIP} confers anticipatory mucosal immunity by
              regulating {ILC3} activity},
  author   = {Seillet, Cyril and Luong, Kylie and Tellier, Julie and Jacquelot,
              Nicolas and Shen, Rui Dong and Hickey, Peter F and Wimmer, Verena C
              and Whitehead, Lachlan and Rogers, Kelly and Smyth, Gordon K and
              Garnham, Alexandra L and Ritchie, Matthew E and Belz, Gabrielle T},
  journal  = {Nature Immunology},
  year     = {2020},
  keywords = {peerjournal},
  pubmed   = {31873294},
  pmcid    = {},
  doi      = {10.1038/s41590-019-0567-y},
  author+an =	{1=corresponding; 6=highlight; 13=corresponding},
  first_authors = {Seillet},
  corresponding_authors = {Belz}
}

@article{Koay2019-pz,
  title    = {A divergent transcriptional landscape underpins the development
              and functional branching of {MAIT} cells},
  author   = {Koay, H-F and Su, S and Amann-Zalcenstein, D and Daley, S R and
              Comerford, I and Miosge, L and Whyte, C E and Konstantinov, I E
              and d'Udekem, Y and Baldwin, T and Hickey, P F and Berzins, S P
              and Mak, J Y W and Sontani, Y and Roots, C M and Sidwell, T and
              Kallies, A and Chen, Z and N{\"u}ssing, S and Kedzierska, K and
              Mackay, L K and McColl, S R and Deenick, E K and Fairlie, D P and
              McCluskey, J and Goodnow, C C and Ritchie, M E and Belz, G T and
              Naik, S H and Pellicci, D G and Godfrey, D I},
  journal  = {Science Immunology},
  year     = {2019},
  keywords = {peerjournal},
  pubmed   = {31757835},
  pmcid    = {},
  doi      = {10.1126/sciimmunol.aay6039},
  author+an =	{11=highlight; 30=corresponding; 31=corresponding},
  first_authors = {Koay},
  corresponding_authors = {Pellici, Godfrey}
}

@article{Jansz2018-sj,
  title    = {Smchd1 Targeting to the Inactive {X} Is Dependent on the
              {Xist-HnrnpK-PRC1} Pathway},
  author   = {Jansz, Natasha and Nesterova, Tatyana and Keniry, Andrew and
              Iminitoff, Megan and Hickey, Peter F and Pintacuda, Greta and
              Masui, Osamu and Kobelke, Simon and Geoghegan, Niall and Breslin,
              Kelsey A and Willson, Tracy A and Rogers, Kelly and Kay, Graham F
              and Fox, Archa H and Koseki, Haruhiko and Brockdorff, Neil and
              Murphy, James M and Blewitt, Marnie E},
  journal  = {Cell Reports},
  year     = {2018},
  keywords = {peerjournal},
  pubmed   = {30428357},
  pmcid    = {},
  doi      = {10.1016/j.celrep.2018.10.044},
  author+an =	{5=highlight; 18=corresponding},
  first_authors = {Jansz},
  corresponding_authors = {Blewitt}
}

@article{Jansz2018-ho,
  title    = {Smchd1 regulates long-range chromatin interactions on the
              inactive {X} chromosome and at Hox clusters},
  author   = {Jansz, Natasha and Keniry, Andrew and Trussart, Marie and
              Bildsoe, Heidi and Beck, Tamara and Tonks, Ian D and Mould, Arne
              W and Hickey, Peter F and Breslin, Kelsey and Iminitoff, Megan and
              Ritchie, Matthew E and McGlinn, Edwina and Kay, Graham F and
              Murphy, James M and Blewitt, Marnie E},
  journal  = {Nature Structural \& Molecular Biology},
  year     = {2018},
  keywords = {peerjournal},
  pubmed   = {30127357},
  pmcid    = {},
  doi      = {10.1038/s41594-018-0111-z},
  author+an =	{8=highlight; 15=corresponding},
  first_authors = {Jansz},
  corresponding_authors = {Blewitt}
}

@article{Hickey2018-nk,
  title    = {A Novel Apparatus to Measure Knee Flexor Strength During Various
              Hamstring Exercises: A Reliability and Retrospective Injury Study},
  author   = {Hickey, Jack T and Hickey, Peter F and Maniar, Nirav and Timmins,
              Ryan G and Williams, Morgan D and Pitcher, Christian A and Opar,
              David A},
  journal  = {The Journal of Orthopaedic and Sports Physical Therapy},
  year     = {2018},
  keywords = {peerjournal},
  pubmed   = {29073840},
  pmcid    = {},
  doi      = {10.2519/jospt.2018.7634},
  author+an =	{2=highlight; 7=corresponding},
  first_authors = {Hickey},
  corresponding_authors = {Opar}
}

@article{Hickey2016-mc,
  title    = {Representation and Manipulation of Genomic Tuples in {R}},
  author   = {Hickey, Peter F},
  journal  = {The Journal of Open Source Software},
  year     = {2016},
  keywords = {peerjournal},
  pubmed   = {},
  pmcid    = {},
  doi      = {10.21105/joss.00020},
  author+an =	{1=corresponding,highlight},
  first_authors = {Hickey},
  corresponding_authors = {Hickey}
}

@ARTICLE{Hickey2019-qu,
  title    = {{Pain-Free} Versus {Pain-Threshold} Rehabilitation Following
              Acute Hamstring Strain Injury: A Randomized Controlled Trial},
  author   = {Hickey, Jack T and Timmins, Ryan G and Maniar, Nirav and Rio,
              Ebonie and Hickey, Peter F and Pitcher, Christian A and Williams,
              Morgan D and Opar, David A},
  journal  = {The Journal of Orthopaedic and Sports Physical Therapy},
  year     = {2019},
  keywords = {peerjournal},
  pubmed   = {31253060},
  pmcid    = {},
  doi      = {10.2519/jospt.2019.8895},
  author+an =	{5=highlight;8=corresponding},
  first_authors = {Hickey},
  corresponding_authors = {Opar}
}

@article{Boukas2019-ps,
  title    = {Coexpression patterns define epigenetic regulators associated
              with neurological dysfunction},
  author   = {Boukas, Leandros and Havrilla, James M and Hickey, Peter F and
              Quinlan, Aaron R and Bjornsson, Hans T and Hansen, Kasper D},
  journal  = {Genome Research},
  year     = {2019},
  keywords = {peerjournal},
  pubmed   = {30858344},
  pmcid    = {PMC6442390},
  doi      = {10.1101/gr.239442.118},
  author+an =	{3=highlight;6=corresponding},
  first_authors = {Boukas},
  corresponding_authors = {Hansen}
}

@article{Rizzardi2019-hb,
  title    = {Neuronal brain-region-specific {DNA} methylation and chromatin
              accessibility are associated with neuropsychiatric trait
              heritability},
  author   = {Rizzardi, Lindsay F and Hickey, Peter F and Rodriguez DiBlasi,
              Varenka and Tryggvad{\'o}ttir, Rakel and Callahan, Colin M and
              Idrizi, Adrian and Hansen, Kasper D and Feinberg, Andrew P},
  journal  = {Nature Neuroscience},
  year     = {2019},
  keywords = {peerjournal},
  pubmed   = {30643296},
  pmcid    = {PMC6348048},
  doi      = {10.1038/s41593-018-0297-8},
  author+an =	{1=first;2=first,highlight;7=corresponding;8=corresponding},
  first_authors = {Rizzard, Hickey},
  corresponding_authors = {Hansen, Feinberg}
}

@article{Phelan2016-gy,
  title    = {{ALPK3-deficient} cardiomyocytes generated from patient-derived
              induced pluripotent stem cells and mutant human embryonic stem
              cells display abnormal calcium handling and establish that
              {ALPK3} deficiency underlies familial cardiomyopathy},
  author   = {Phelan, Dean G and Anderson, David J and Howden, Sara E and Wong,
              Raymond C B and Hickey, Peter F and Pope, Kate and Wilson,
              Gabrielle R and P{\'e}bay, Alice and Davis, Andrew M and Petrou,
              Steven and Elefanty, Andrew G and Stanley, Edouard G and James,
              Paul A and Macciocca, Ivan and Bahlo, Melanie and Cheung, Michael
              M and Amor, David J and Elliott, David A and Lockhart, Paul J},
  journal  = {European Heart Journal},
  year     = {2016},
  keywords = {peerjournal},
  pubmed   = {27106955},
  pmcid    = {},
  doi      = {10.1093/eurheartj/ehw160},
  author+an =	{5=highlight;18=corresponding;19=corresponding},
  first_authors = {Phelan},
  corresponding_authors = {Elliott, Lockhart}
}

@article{Keniry2016-qd,
  title    = {Setdb1-mediated {H3K9} methylation is enriched on the inactive
              {X} and plays a role in its epigenetic silencing},
  author   = {Keniry, Andrew and Gearing, Linden J and Jansz, Natasha and Liu,
              Joy and Holik, Aliaksei Z and Hickey, Peter F and Kinkel, Sarah A
              and Moore, Darcy L and Breslin, Kelsey and Chen, Kelan and Liu,
              Ruijie and Phillips, Catherine and Pakusch, Miha and Biben,
              Christine and Sheridan, Julie M and Kile, Benjamin T and
              Carmichael, Catherine and Ritchie, Matthew E and Hilton, Douglas
              J and Blewitt, Marnie E},
  journal  = {Epigenetics \& Chromatin},
  year     = {2016},
  keywords = {peerjournal},
  pubmed   = {27195021},
  pmcid    = {PMC4870784},
  doi      = {10.1186/s13072-016-0064-6},
  author+an =	{1=first;2=first;6=highlight;20=corresponding},
  first_authors = {Keniry, Gearing},
  corresponding_authors = {Blewitt}
}

@article{Oey2015-ab,
  title    = {Genetic and epigenetic variation among inbred mouse littermates:
              identification of inter-individual differentially methylated
              regions},
  author   = {Oey, Harald and Isbel, Luke and Hickey, Peter F and Ebaid, Basant
              and Whitelaw, Emma},
  journal  = {Epigenetics \& Chromatin},
  year     = {2015},
  keywords = {peerjournal},
  pubmed   = {26692901},
  pmcid    = {PMC4676890},
  doi      = {10.1186/s13072-015-0047-z},
  author+an =	{1=first;2=first;3=highlight;5=corresponding},
  first_authors = {Oey, Isbel},
  corresponding_authors = {Whitelaw}
}

@article{Bahlo2010-tp,
  title    = {Saliva-derived {DNA} performs well in large-scale, high-density
              single-nucleotide polymorphism microarray studies},
  author   = {Bahlo, Melanie and Stankovich, Jim and Danoy, Patrick and Hickey,
              Peter F and Taylor, Bruce V and Browning, Sharon R and
              {Australian and New Zealand Multiple Sclerosis Genetics
              Consortium (ANZgene)} and Brown, Matthew A and Rubio, Justin P},
  journal  = {Cancer Epidemiology, Biomarkers \& Prevention},
  year     = {2010},
  keywords = {peerjournal},
  pubmed   = {20200434},
  pmcid    = {},
  doi      = {10.1158/1055-9965.EPI-09-0812},
  author+an =	{1=corresponding;4=highlight},
  first_authors = {Bahlo},
  corresponding_authors = {Bahlo}
}

@article{Hickey2011-tf,
  title    = {{X} chromosome association testing in genome wide association
             studies},
  author   = {Hickey, Peter F and Bahlo, Melanie},
  journal  = {Genetic Epidemiology},
  year     = {2011},
  keywords = {peerjournal},
  pubmed   = {21818774},
  pmcid    = {},
  doi      = {10.1002/gepi.20616},
  author+an =	{1=corresponding,highlight},
  first_authors = {Hickey},
  corresponding_authors = {Hickey}
}

@article{Riley2010-am,
  title    = {Mutation of the mitochondrial {tyrosyl-tRNA} synthetase gene,
             {YARS2}, causes myopathy, lactic acidosis, and sideroblastic
             {anemia--MLASA} syndrome},
  author   = {Riley, Lisa G and Cooper, Sandra and Hickey, Peter F and
              Rudinger-Thirion, Jo{\"e}lle and McKenzie, Matthew and Compton,
              Alison and Lim, Sze Chern and Thorburn, David and Ryan, Michael T
              and Gieg{\'e}, Richard and Bahlo, Melanie and Christodoulou, John},
  journal  = {American Journal of Human Genetics},
  year     = {2010},
  keywords = {peerjournal},
  pubmed   = {20598274},
  pmcid    = {PMC2896778},
  doi      = {10.1016/j.ajhg.2010.06.001},
  author+an =	{3=highlight;12=corresponding},
  first_authors = {Riley},
  corresponding_authors = {Christodoulou}
}

@article{Lacey2015-ba,
  title     = {Spontaneous retrotransposon insertion into {TNF} {3'UTR} causes
               heart valve disease and chronic polyarthritis},
  author    = {Lacey, Derek and Hickey, Peter F and Arhatari, Benedicta D and
               O'Reilly, Lorraine A and Rohrbeck, Leona and Kiriazis, Helen and
               Du, Xiao-Jun and Bouillet, Philippe},
  journal   = {Proceedings of the National Academy of Sciences of the United
               States of America},
  year     = {2015},
  keywords = {peerjournal},
  pubmed   = {26195802},
  pmcid    = {PMC4534232},
  doi      = {10.1073/pnas.1508399112},
  author+an =	{2=highlight;8=corresponding},
  first_authors = {Lacey},
  corresponding_authors = {Bouillet}
}
