@article{Trevis2019-le,
  title    = {Tracing Autism Traits in Large Multiplex Families to Identify
             Endophenotypes of the Broader Autism Phenotype},
  author   = {Trevis, Krysta J and Brown, Natasha J and Green, Cherie and
              Lockhart, Paul and Hickey, Peter F and Fanjul-Fern{\'a}ndez, Miriam
              and Bromhead, Catherine and Desai, Tarishi and Vick, Tanya and
              Gillies, Greta and Mountford, Hayley and Fitzpatrick, Elizabeth
              and Gordon, Lavinia and Hewson, Peter and Anderson, Vicki and
              Delatycki, Martin B and Scheffer, Ingrid E and Wilson, Sarah J},
  year     = {2019},
  journal  = {bioRxiv},
  doi      = {10.1101/659722},
  keywords = {preprint},
  note     = {Preprint},
  author+an =	{1=first; 2=first; 5=highlight; 17=corresponding; 18=corresponding},
  first_authors = {Trevis, Brown},
  corresponding_authors = {Scheffer, Wilson}
}

@article{keniry2022method,
  title    = {A method for stabilising the XX karyotype in female mESC
              cultures},
  author   = {Keniry, Andrew and Jansz, Natasha and Hickey, Peter F and Breslin, Kelsey A and Iminitoff, Megan and Beck, Tamara and Ritchie, Matthew E and Blewitt, Marnie E},
  year     = {2022},
  journal  = {bioRxiv},
  doi      = {10.1101/2022.04.07.487567},
  keywords = {preprint},
  note     = {Preprint},
  author+an =	{1=first; 3=highlight; 8=corresponding},
  first_authors = {Keniry},
  corresponding_authors = {Blewitt}
}

@article{maksimovic2022multimodal,
  title    = {Multimodal single cell analysis of the paediatric lower airway
              reveals novel immune cell phenotypes in early life health and
              disease},
  author   = {Maksimovic, Jovana and Shanthikumar, Shivanthan and Howitt,
              George and Hickey, Peter F and Ho, William and Anttila, Casey and
              Brown, Daniel V and Senabouth, Anne and Kaczorowski, Dominik and
              Amann-Zalcenstein, Daniela and Powell, Joseph E and Ranganathan
              Sarath C and Oshlack, Alicia and Neeland, Melanie R},
  year     = {2022},
  journal  = {bioRxiv},
  doi      = {10.1101/2022.06.17.496207},
  keywords = {preprint},
  note     = {Preprint},
  author+an =	{1=first; 2=first; 4=highlight; 14=corresponding},
  first_authors = {Maksimovic, Shanthikumar},
  corresponding_authors = {Neeland}
}

@article{You2022voom,
  title    = {Modelling group heteroscedasticity in single-cell RNA-seq
              pseudo-bulk data},
  author   = {You, Yue and Dong, Xueyi and Wee, Yong Kiat and Maxwell,
              Mhairi J and Alhamdoosh, Monther and Smyth, Gordon K and Hickey,
              Peter F and Ritchie, Matthew E and Law, Charity W},
  year     = {2022},
  journal  = {bioRxiv},
  doi      = {10.1101/2022.09.12.507511},
  keywords = {preprint},
  note     = {Preprint},
  author+an =	{1=first; 7=highlight; 9=corresponding},
  first_authors = {You},
  corresponding_authors = {Law}
}
